<record><leader>00000cas a22000007a 4500</leader><controlfield tag="001">16386001</controlfield><controlfield tag="008">870804d18931896hiudr ne      0    0haw  </controlfield><datafield ind1=" " ind2=" " tag="010"><subfield code="a">sn 87062309 </subfield></datafield><datafield ind1=" " ind2=" " tag="040"><subfield code="a">DLC</subfield><subfield code="b">eng</subfield><subfield code="c">DLC</subfield><subfield code="d">OCLCQ</subfield></datafield><datafield ind1=" " ind2=" " tag="042"><subfield code="a">msc</subfield></datafield><datafield ind1="0" ind2="0" tag="050"><subfield code="a">Newspaper</subfield></datafield><datafield ind1="0" ind2="0" tag="245"><subfield code="a">Nupepa puka la koukoa me ko Hawaii paeaina I Huiia.</subfield></datafield><datafield ind1=" " ind2=" " tag="260"><subfield code="a">Honolulu [Hawaii] :</subfield><subfield code="b">Hawaiian Gazette Co.</subfield></datafield><datafield ind1=" " ind2=" " tag="300"><subfield code="a">v. ;</subfield><subfield code="c">46 cm.</subfield></datafield><datafield ind1=" " ind2=" " tag="310"><subfield code="a">Daily</subfield></datafield><datafield ind1="1" ind2=" " tag="362"><subfield code="a">Began with Jan. 26, 1893 issue; ceased in 1896.</subfield></datafield><datafield ind1=" " ind2=" " tag="546"><subfield code="a">In Hawaiian.</subfield></datafield><datafield ind1=" " ind2=" " tag="588"><subfield code="a">Description based on: Buke 1, helu 63 (Mei 10, 1893).</subfield></datafield><datafield ind1=" " ind2=" " tag="752"><subfield code="a">United States</subfield><subfield code="b">Hawaii</subfield><subfield code="c">Honolulu</subfield><subfield code="d">Honolulu.</subfield></datafield><datafield ind1="1" ind2=" " tag="029"><subfield code="a">AU@</subfield><subfield code="b">000025474922</subfield></datafield></record>